@book{sellers_vulkan_2017,
	address = {Boston},
	series = {{OpenGL} series},
	title = {Vulkan programming guide: the official guide to learning {Vulkan}},
	isbn = {9780134464541},
	shorttitle = {Vulkan programming guide},
	publisher = {Addison-Wesley},
	author = {Sellers, Graham},
	year = {2017},
	keywords = {Vulkan, Guidebooks, OpenGL, Guidebooks},
}

@book{lapinski_vulkan_2017,
	address = {Birmingham},
	title = {Vulkan {Cookbook}: work through recipes to unlock the full potential of the next generation graphics {API}-{Vulkan}},
	isbn = {9781786468154},
	shorttitle = {Vulkan {Cookbook}},
	language = {eng},
	publisher = {Packt},
	author = {Lapinski, Pawel},
	year = {2017},
}

@misc{vulkan_tutorial,
	title = {Introduction - {Vulkan} {Tutorial}},
	howpublished = {"\url{https://vulkan-tutorial.com/}"},
	abstract = {A tutorial that teaches you everything it takes to render 3D graphics with the Vulkan API. It covers everything from Windows/Linux setup to rendering and debugging.},
	urldate = {2022-02-02},
}
